<?xml version="1.0" encoding="UTF-8"?><collection xmlns="http://www.loc.gov/MARC21/slim"><record><leader>00615nam--2200169-i-4500</leader><controlfield tag="001">000048317</controlfield><controlfield tag="002">20161230</controlfield><controlfield tag="005">20161230201046</controlfield><controlfield tag="008">060222s1000------------r-----000-0-eng-d</controlfield><datafield ind1=" " ind2=" " tag="040"><subfield code="a">IFIN-HH</subfield></datafield><datafield ind1=" " ind2=" " tag="080"><subfield code="a">539.12(061.3)</subfield></datafield><datafield ind1="1" ind2=" " tag="110"><subfield code="a">Johns Hopkins Univeristies</subfield></datafield><datafield ind1="1" ind2="0" tag="245"><subfield code="a">Current problems in particle theory 5: unified field theories and beyond</subfield><subfield code="b">Proceedings of the jhns hopkins workshop on unified field theories and beyond johns hopkins university, baltimore, 1981 (may 25-27)</subfield></datafield><datafield ind1=" " ind2=" " tag="260"><subfield code="a">Baltimore</subfield><subfield code="b">Johns Hopkins University</subfield><subfield code="c">1981</subfield></datafield><datafield ind1=" " ind2=" " tag="300"><subfield code="a">330P</subfield></datafield><datafield ind1=" " ind2=" " tag="852"><subfield code="a">78963</subfield><subfield code="c">539.12</subfield></datafield><datafield ind1=" " ind2=" " tag="CAT"><subfield code="a">Sys</subfield><subfield code="c">20120125</subfield><subfield code="h">170335</subfield></datafield></record></collection>